@inproceedings{andersen,
  title={The impact of tutorials on games of varying complexity},
  author={Andersen, Erik and O'Rourke, Eleanor and Liu, Yun-En and Snider, Rich and Lowdermilk, Jeff and Truong, David and Cooper, Seth and Popovic, Zoran},
  booktitle={Proceedings of the SIGCHI Conference on Human Factors in Computing Systems},
  pages={59--68},
  year={2012},
  organization={ACM}
}

@article{jackson,
  title={Development and validation of a scale to measure optimal experience: The Flow State Scale},
  author={Jackson, Susan A and Marsh, Herbert W and others},
  journal={Journal of sport and exercise psychology},
  volume={18},
  pages={17--35},
  year={1996},
  publisher={HUMAN KINETICS PUBLISHERS}
}

@article{nakamura,
  title={Flow theory and research},
  author={Nakamura, Jeanne and Csikszentmihalyi, Mihaly},
  journal={Handbook of positive psychology},
  pages={195--206},
  year={2009}
}

@article{hill,
  title={Effect of pregame training tutorials on player performance in Kinect-based health games},
  author={Whittinghill, David and Hartford, Jay and Brown, Jacob and Hoerter, Michael and Kennedy, Andrew and Barrett, Christian and Hassan, Ray},
  journal={GAMES FOR HEALTH: Research, Development, and Clinical Applications},
  volume={3},
  number={1},
  pages={31--39},
  year={2014},
  publisher={Mary Ann Liebert, Inc. 140 Huguenot Street, 3rd Floor New Rochelle, NY 10801 USA}
}

@article{videolit,
 author = {Gee, James Paul},
 title = {What Video Games Have to Teach Us About Learning and Literacy},
 journal = {Comput. Entertain.},
 issue_date = {October 2003},
 volume = {1},
 number = {1},
 month = oct,
 year = {2003},
 issn = {1544-3574},
 pages = {20--20},
 numpages = {1},
 url = {http://doi.acm.org/10.1145/950566.950595},
 doi = {10.1145/950566.950595},
 acmid = {950595},
 publisher = {ACM},
 address = {New York, NY, USA},
 keywords = {education, games, learning, literacy},
}

@phdthesis{federoff,
  title={Heuristics and usability guidelines for the creation and evaluation of fun in video games},
  author={Federoff, Melissa A},
  year={2002},
  school={Citeseer}
}

@article{nielsen,
  title={Heuristic evaluation},
  author={Nielsen, Jakob},
  journal={Usability inspection methods},
  volume={17},
  number={1},
  pages={25--62},
  year={1994}
}

@book{optimal,
  title={Optimal experience: Psychological studies of flow in consciousness},
  author={Csikszentmihalyi, Mihaly and Csikszentmihalyi, Isabella Selega},
  year={1992},
  publisher={Cambridge university press}
}

@article{sweetser,
  title={GameFlow: a model for evaluating player enjoyment in games},
  author={Sweetser, Penelope and Wyeth, Peta},
  journal={Computers in Entertainment (CIE)},
  volume={3},
  number={3},
  pages={3--3},
  year={2005},
  publisher={ACM}
}

@inproceedings{useMMO,
 author = {Cornett, Steve},
 title = {The Usability of Massively Multiplayer Online Roleplaying Games: Designing for New Users},
 booktitle = {Proceedings of the SIGCHI Conference on Human Factors in Computing Systems},
 series = {CHI '04},
 year = {2004},
 isbn = {1-58113-702-8},
 location = {Vienna, Austria},
 pages = {703--710},
 numpages = {8},
 url = {http://doi.acm.org/10.1145/985692.985781},
 doi = {10.1145/985692.985781},
 acmid = {985781},
 publisher = {ACM},
 address = {New York, NY, USA},
 keywords = {MMORPG, RPG, game usability, massively-multiplayer, online game, roleplaying game},
}

@inproceedings{desurvire,
  title={Using heuristics to evaluate the playability of games},
  author={Desurvire, Heather and Caplan, Martin and Toth, Jozsef A},
  booktitle={CHI'04 extended abstracts on Human factors in computing systems},
  pages={1509--1512},
  year={2004},
  organization={ACM}
} 
